<?xml version="1.0" encoding="UTF-8"?><collection xmlns="http://www.loc.gov/MARC21/slim"><record><leader>00297nam--2200121-i-4500</leader><controlfield tag="001">000030912</controlfield><controlfield tag="002">20161230</controlfield><controlfield tag="005">20161230201038</controlfield><controlfield tag="008">060222s1000------------r-----000-0-eng-d</controlfield><datafield ind1=" " ind2=" " tag="100"><subfield code="a">Mellan, Ibert</subfield></datafield><datafield ind1=" " ind2=" " tag="245"><subfield code="a">The behavior of plasticizers</subfield></datafield><datafield ind1=" " ind2=" " tag="260"><subfield code="a">London, Pergamon Press, 1961. 273p</subfield></datafield><datafield ind1=" " ind2=" " tag="852"><subfield code="a">17116</subfield></datafield></record></collection>